<record><leader>00000cas a22000007a 4500</leader><controlfield tag="001">9434124</controlfield><controlfield tag="008">830421d18461846nyuwr ne      0    0eng d</controlfield><controlfield tag="009">3781</controlfield><datafield ind1=" " ind2=" " tag="010"><subfield code="a">sn 83030281 </subfield></datafield><datafield ind1=" " ind2=" " tag="040"><subfield code="a">NPU</subfield><subfield code="b">eng</subfield><subfield code="c">NPU</subfield><subfield code="d">NPX</subfield><subfield code="d">DLC</subfield></datafield><datafield ind1=" " ind2=" " tag="042"><subfield code="a">msc</subfield></datafield><datafield ind1="0" ind2="4" tag="245"><subfield code="a">The Sun for Europe.</subfield></datafield><datafield ind1=" " ind2=" " tag="250"><subfield code="a">[Steamer ed.]</subfield></datafield><datafield ind1=" " ind2=" " tag="260"><subfield code="a">New York [N.Y.] :</subfield><subfield code="b">M.Y. Beach,</subfield><subfield code="c">1846.</subfield></datafield><datafield ind1=" " ind2=" " tag="300"><subfield code="a">2 no. :</subfield><subfield code="b">ill. ;</subfield><subfield code="c">61 cm.</subfield></datafield><datafield ind1=" " ind2=" " tag="310"><subfield code="a">Weekly</subfield></datafield><datafield ind1="0" ind2=" " tag="362"><subfield code="a">Vol. 1, no. 1 (June 8, 1846)-v. 1, no. 2 (June 15, 1846).</subfield></datafield><datafield ind1=" " ind2=" " tag="580"><subfield code="a">Daily ed.: Sun (New York, N.Y. : 1833).</subfield></datafield><datafield ind1=" " ind2=" " tag="752"><subfield code="a">United States</subfield><subfield code="b">New York</subfield><subfield code="c">New York</subfield><subfield code="d">New York.</subfield></datafield><datafield ind1="0" ind2=" " tag="775"><subfield code="t">Sun weekly</subfield><subfield code="w">(DLC)sn 85026222</subfield></datafield><datafield ind1="1" ind2=" " tag="775"><subfield code="t">Sun (New York, N.Y. : 1833)</subfield><subfield code="x">1940-7831</subfield><subfield code="w">(DLC)sn 83030272</subfield><subfield code="w">(OCoLC)9406339</subfield></datafield><datafield ind1="0" ind2="0" tag="785"><subfield code="t">American sun</subfield><subfield code="w">(DLC)sn 83030284</subfield><subfield code="w">(OCoLC)9434202</subfield></datafield></record>